<record><leader>00000cas a22000007a 4500</leader><controlfield tag="001">15474846</controlfield><controlfield tag="008">870402d19321932wiuwr ne      0    0eng d</controlfield><datafield ind1=" " ind2=" " tag="010"><subfield code="a">sn 87082409 </subfield></datafield><datafield ind1=" " ind2=" " tag="040"><subfield code="a">NPV</subfield><subfield code="b">eng</subfield><subfield code="c">NPV</subfield><subfield code="d">OCLCQ</subfield></datafield><datafield ind1=" " ind2=" " tag="042"><subfield code="a">msc</subfield></datafield><datafield ind1="0" ind2="4" tag="245"><subfield code="a">The Journal-times Sunday bulletin.</subfield></datafield><datafield ind1="1" ind2="7" tag="246"><subfield code="a">Racine journal-times Sunday bulletin</subfield></datafield><datafield ind1=" " ind2=" " tag="260"><subfield code="a">Racine, Wis. :</subfield><subfield code="b">[Journal-Times Co.],</subfield><subfield code="c">1932-1932.</subfield></datafield><datafield ind1=" " ind2=" " tag="300"><subfield code="a">v.</subfield></datafield><datafield ind1=" " ind2=" " tag="310"><subfield code="a">Weekly</subfield></datafield><datafield ind1="0" ind2=" " tag="362"><subfield code="a">Vol. 2, no. 9 (June 19, 1932)-v. 2, no. 28 (Oct. 30, 1932).</subfield></datafield><datafield ind1=" " ind2=" " tag="580"><subfield code="a">Issued also in a daily edition called: Racine journal-times.</subfield></datafield><datafield ind1="1" ind2=" " tag="775"><subfield code="t">Racine journal-times</subfield><subfield code="w">(DLC)sn 86072135</subfield></datafield><datafield ind1="0" ind2="0" tag="780"><subfield code="t">Journal-news Sunday bulletin</subfield><subfield code="w">(DLC)sn 87082408</subfield></datafield><datafield ind1="0" ind2="0" tag="785"><subfield code="t">Sunday journal times bulletin</subfield><subfield code="w">(DLC)sn 87082410</subfield></datafield></record>